@misc{opendataprague:online,
    author = {},
    title = {Vítejte - Opendata Praha},
    howpublished = {\url{http://opendata.praha.eu/}},
    month = {},
    year = {},
    note = {(Accessed on 10/16/2018)}
}

@misc{geoportal:online,
    author = {},
    title = {Geoportal Praha},
    howpublished = {\url{http://www.geoportalpraha.cz/}},
    month = {},
    year = {},
    note = {(Accessed on 10/16/2018)}
}

@misc{tskpraha:online,
    author = {},
    title = {Aktuální doprava},
    howpublished = {\url{http://www.tsk-praha.cz/wps/portal/root/aktualni-doprava}},
    month = {},
    year = {},
    note = {(Accessed on 10/16/2018)}
}

@misc{kudyznudy:online,
    author = {},
    title = {Kudy z nudy - RSS},
    howpublished = {\url{https://www.kudyznudy.cz/rss.aspx}},
    month = {},
    year = {},
    note = {(Accessed on 10/16/2018)}
}

@misc{informujpraha:online,
    author = {},
    title = {Akce a kultura v Praze | Informuji.cz},
    howpublished = {\url{https://www.informuji.cz/akce/praha/}},
    month = {},
    year = {},
    note = {(Accessed on 10/16/2018)}
}

@misc{dppczRSS:online,
    author = {},
    title = {dpp.cz > RSS kanál Dopravního podniku hl. m. Prahy, akciové společnosti | Dopravní podnik hlavního města Prahy},
    howpublished = {\url{http://www.dpp.cz/rss-kanal/}},
    month = {},
    year = {},
    note = {(Accessed on 10/16/2018)}
}

@misc{csu:online,
    author = {},
    title = {Katalog produktů | ČSÚ},
    howpublished = {\url{https://www.czso.cz/csu/czso/katalog-produktu?filtr=true&skupiny=01&uzemi=100}},
    month = {},
    year = {},
    note = {(Accessed on 10/16/2018)}
}

@misc{tenderarena:online,
    author = {},
    title = {Profily zadavatelů – TENDER ARENA},
    howpublished = {\url{https://www.tenderarena.cz/profil/detail.jsf?identifikator=HlavniMestoPraha}},
    month = {},
    year = {},
    note = {(Accessed on 10/16/2018)}
}

@misc{Vyhrazen70:online,
    author = {},
    title = {Vyhrazené stání pro invalidy s registrační značkou - Datové sady - Opendata Praha},
    howpublished = {\url{http://opendata.praha.eu/dataset/ipr-vyhrazene_stani_pro_invalidy_s_registracni_znackou}},
    month = {},
    year = {},
    note = {(Accessed on 10/17/2018)}
}

@misc{Vyhrazen35:online,
    author = {},
    title = {Vyhrazená stání pro invalidy - sdružená - Datové sady - Opendata Praha},
    howpublished = {\url{http://opendata.praha.eu/dataset/ipr-vyhrazena_stani_pro_invalidy_-_sdruzena}},
    month = {},
    year = {},
    note = {(Accessed on 10/16/2018)}
}

@misc{Vyhrazen81:online,
    author = {},
    title = {Vyhrazené stání speciální - Datové sady - Opendata Praha},
    howpublished = {\url{http://opendata.praha.eu/dataset/vyhrazene-stani-specialni}},
    month = {},
    year = {},
    note = {(Accessed on 10/16/2018)}
}

@misc{Vyhrazen63:online,
    author = {},
    title = {Vyhrazené stání pro zásobování - Datové sady - Opendata Praha},
    howpublished = {\url{http://opendata.praha.eu/dataset/ipr-vyhrazene_stani_pro_zasobovani}},
    month = {},
    year = {},
    note = {(Accessed on 10/16/2018)}
}

@misc{zakazy:online,
    author = {},
    title = {Zákaz stání - Datové sady - Opendata Praha},
    howpublished = {\url{http://opendata.praha.eu/dataset/ipr-zakaz_stani}},
    month = {},
    year = {},
    note = {(Accessed on 10/16/2018)}
}

@misc{wwwtskpr83:online,
    author = {},
    title = {www.tsk-praha.cz/tskexport/rss/parkoviste},
    howpublished = {\url{http://www.tsk-praha.cz/tskexport/rss/parkoviste}},
    month = {},
    year = {},
    note = {(Accessed on 10/16/2018)}
}

@misc{parky:online,
    author = {},
    title = {Přírodní parky - Datové sady - Opendata Praha},
    howpublished = {\url{http://opendata.praha.eu/dataset/ipr-prirodni_parky}},
    month = {},
    year = {},
    note = {(Accessed on 10/16/2018)}
}

@misc{zaplavy:online,
    author = {},
    title = {Záplavové území ( Q50 ) - Datové sady - Opendata Praha},
    howpublished = {\url{http://opendata.praha.eu/dataset/ipr-zaplavove_uzemi___q50_}},
    month = {},
    year = {},
    note = {(Accessed on 10/16/2018)}
}

@misc{hluk1:online,
    author = {},
    title = {Hluková mapa - den - Datové sady - Opendata Praha},
    howpublished = {\url{http://opendata.praha.eu/dataset/ipr-hlukova_mapa_-_den}},
    month = {},
    year = {},
    note = {(Accessed on 10/16/2018)}
}

@misc{hluk2:online,
    author = {},
    title = {Hluková mapa - noc - Datové sady - Opendata Praha},
    howpublished = {\url{http://opendata.praha.eu/dataset/ipr-hlukova_mapa_-_noc}},
    month = {},
    year = {},
    note = {(Accessed on 10/16/2018)}
}

@misc{Harmonog59:online,
    author = {},
    title = {Harmonogram svozu objemného odpadu na území MČ Praha 1 v druhém pololetí roku 2018 | Archiv aktualit | Čistota a životní prostředí | Praha 1},
    howpublished = {\url{https://www.praha1.cz/cps/cistota-a-zivotni-prostredi-70557.html}},
    month = {},
    year = {},
    note = {(Accessed on 10/16/2018)}
}

@misc{McPraha279:online,
    author = {},
    title = {MČ Praha 2: Velkoobjemové kontejnery},
    howpublished = {\url{https://www.praha2.cz/Velkoobjemove-kontejnery}},
    month = {},
    year = {},
    note = {(Accessed on 10/16/2018)}
}

@misc{Velkoobj47:online,
    author = {},
    title = {Velkoobjemové kontejnery | Praha 3},
    howpublished = {\url{http://www.praha3.cz/samosprava/oblasti/zivotni-prostredi/odpady/velkoobjemove-kontejnery}},
    month = {},
    year = {},
    note = {(Accessed on 10/16/2018)}
}

@misc{Velkoobj59:online,
    author = {},
    title = {Velkoobjemové kontejnery - Datové sady - Opendata Praha},
    howpublished = {\url{http://opendata.praha.eu/dataset/ipr-velkoobjemove_kontejnery}},
    month = {},
    year = {},
    note = {(Accessed on 10/16/2018)}
}

@misc{Stanovis12:online,
    author = {},
    title = {Stanoviště tříděného odpadu - položky - Datové sady - Opendata Praha},
    howpublished = {\url{http://opendata.praha.eu/dataset/ipr-stanoviste_trideneho_odpadu_-_polozky}},
    month = {},
    year = {},
    note = {(Accessed on 10/16/2018)}
}

@misc{Stanovis75:online,
    author = {},
    title = {Stanoviště tříděného odpadu - položky - body - Datové sady - Opendata Praha},
    howpublished = {\url{http://opendata.praha.eu/dataset/ipr-stanoviste_trideneho_odpadu_-_polozky_-_body}},
    month = {},
    year = {},
    note = {(Accessed on 10/16/2018)}
}

@misc{Katalogp90:online,
    author = {},
    title = {Katalog produktů | ČSÚ},
    howpublished = {\url{https://www.czso.cz/csu/czso/katalog-produktu?filtr=true&skupiny=01&uzemi=100}},
    month = {},
    year = {},
    note = {(Accessed on 10/16/2018)}
}

@misc{Sreality94:online,
    author = {},
    title = {Sreality.cz • reality a nemovitosti z celé ČR},
    howpublished = {\url{https://www.sreality.cz/}},
    month = {},
    year = {},
    note = {(Accessed on 10/16/2018)}
}

@misc{usekypar48:online,
    author = {},
    title = {Úseky parkování v zónách placeného stání - Datové sady - Opendata Praha},
    howpublished = {\url{http://opendata.praha.eu/dataset/ipr-useky_parkovani_v_zonach_placeneho_stani}},
    month = {},
    year = {},
    note = {(Accessed on 10/16/2018)}
}

@misc{Zonyplac33:online,
    author = {},
    title = {Zóny placeného stání - Datové sady - Opendata Praha},
    howpublished = {\url{http://opendata.praha.eu/dataset/ipr-zony_placeneho_stani}},
    month = {},
    year = {},
    note = {(Accessed on 10/16/2018)}
}

@misc{Vstupydo88:online,
    author = {},
    title = {Vstupy do metra - Datové sady - Opendata Praha},
    howpublished = {\url{http://opendata.praha.eu/dataset/ipr-prazska_integrovana_doprava_-_vstupy_do_metra}},
    month = {},
    year = {},
    note = {(Accessed on 10/16/2018)}
}

@misc{DPPczZme13:online,
    author = {},
    title = {DPP.cz - Změny v dopravě},
    howpublished = {\url{http://www.dpp.cz/rss/doprava/}},
    month = {},
    year = {},
    note = {(Accessed on 10/16/2018)}
}

@misc{DPPczMim53:online,
    author = {},
    title = {DPP.cz - Mimořádné události},
    howpublished = {\url{http://www.dpp.cz/rss/mimoradne-udalosti/}},
    month = {},
    year = {},
    note = {(Accessed on 10/16/2018)}
}

@misc{Zachytna0:online,
    author = {},
    title = {Záchytná parkoviště P+R - Datové sady - Opendata Praha},
    howpublished = {\url{http://opendata.praha.eu/dataset/ipr-zachytna_parkoviste_p_r}},
    month = {},
    year = {},
    note = {(Accessed on 10/16/2018)}
}